@online{commoncrawl2017september,
	author = {The Common Crawl Foundation},
	urldate = {2017-10-20},
	title = {September 2017 Crawl Archive Now Available},
	year = {2017},
	month = sep,
	day = 29,
	url = {http://commoncrawl.org/2017/09/september-2017-crawl-archive-now-available/}
},
@online{amazon2017instance,
	author = {Amazon Web Services, Inc},
	urldate = {2017-10-20},
	title = {Amazon EC2 Instance Types},
	year = {2017},
	url = {https://aws.amazon.com/ec2/instance-types/}
}